<?xml version="1.0" encoding="UTF-8"?><collection xmlns="http://www.loc.gov/MARC21/slim"><record><leader>00474nam--2200145-i-4500</leader><controlfield tag="001">000043035</controlfield><controlfield tag="002">20161230</controlfield><controlfield tag="005">20161230201043</controlfield><controlfield tag="008">060222s1000------------r-----000-0-eng-d</controlfield><datafield ind1=" " ind2=" " tag="100"><subfield code="a">Stone,Marschall Harvey</subfield></datafield><datafield ind1=" " ind2=" " tag="245"><subfield code="a">Linear transformations in hilbert space and thier appl.to analysis</subfield></datafield><datafield ind1=" " ind2=" " tag="260"><subfield code="a">New York, American Math.Soc.,1932. 622 P</subfield></datafield><datafield ind1=" " ind2=" " tag="490"><subfield code="a">American Mathematical Society Colloquium Publications</subfield><subfield code="v">Vol. XV</subfield></datafield><datafield ind1=" " ind2=" " tag="852"><subfield code="a">2656</subfield><subfield code="c">517.63</subfield></datafield><datafield ind1=" " ind2=" " tag="CAT"><subfield code="a">Sys</subfield><subfield code="c">20080821</subfield><subfield code="h">092348</subfield></datafield></record></collection>